[gd_scene load_steps=7 format=2]

[ext_resource path="res://screens/screen.tscn" type="PackedScene" id=1]
[ext_resource path="res://fonts/JMH Typewriter.ttf" type="DynamicFontData" id=2]
[ext_resource path="res://images/designergaze.png" type="Texture" id=3]
[ext_resource path="res://scripts/splash_screen.gd" type="Script" id=4]
[ext_resource path="res://screens/menu.tscn" type="PackedScene" id=5]

[sub_resource type="DynamicFont" id=1]
size = 36
font_data = ExtResource( 2 )

[node name="splash_screen" instance=ExtResource( 1 )]
script = ExtResource( 4 )
next_scene = ExtResource( 5 )

[node name="background" type="CanvasLayer" parent="." index="0"]
layer = -2

[node name="color_bg" type="ColorRect" parent="background" index="0"]
margin_right = 800.0
margin_bottom = 600.0
color = Color( 0, 0, 0, 1 )
__meta__ = {
"_edit_use_anchors_": false
}

[node name="vbox" type="VBoxContainer" parent="background" index="1"]
margin_right = 800.0
margin_bottom = 600.0
custom_constants/separation = 10
alignment = 1
__meta__ = {
"_edit_use_anchors_": false
}

[node name="logo" type="TextureRect" parent="background/vbox" index="0"]
margin_top = 147.0
margin_right = 800.0
margin_bottom = 397.0
texture = ExtResource( 3 )
stretch_mode = 4
__meta__ = {
"_edit_use_anchors_": false
}

[node name="label" type="Label" parent="background/vbox" index="1"]
margin_top = 407.0
margin_right = 800.0
margin_bottom = 453.0
custom_fonts/font = SubResource( 1 )
custom_colors/font_color = Color( 1, 1, 1, 1 )
text = "@designergaze"
align = 1
valign = 1

[node name="timer" type="Timer" parent="." index="2"]
wait_time = 3.0
autostart = true
[connection signal="timeout" from="timer" to="." method="_on_timeout"]
